02RETORNO01COBRANCA       060022878002        SULCAPE COM VAR PECAS E ACESSO041BANRISUL       31011901600BPI                                                                                                                                                                                                                                                                                              000001
10291170423000105060022878002805076                           0020018178                                   10630011992760     0020018178          21011900000000249061044135108000000000004000000000000000000000000000000000000000000000000000000000000000000000000002490600000000009390000000000000   310119 AUTO ELETRICA LAMPADINHA LTDA           15                                                  000002
10291170423000105060022878002805076                           0020020873                                   10931011982984     0020020873          30111800000000338430410604108000000000000000000000000000000000000000000000000000000000000000000000000000000000000003384300000000000000000000000000   310119 LUIS GUSTAVO RIBEIRO GRANELLA ME                                                            000003
10291170423000105060022878002805076                           0020022280                                   10630011991749     0020022280          29011900000000180051044135108000000000004000000000000000000000000000000000000000000000000000000000000000000000000001800500000000003960000000000000   310119 ESEQUIEL VIDOR ME                       15                                                  000004
10291170423000105060022878002805076                           0020026588                                   10630011992859     0020026588          20121800000000292751044135108000000000004000000000000000000000000000000000000000000000000000000000000000000000000002927500000000029640000000000000   310119 PAULO GILBERTO DE MENEZE ME             15                                                  000005
10291170423000105060022878002805076                           0020032340                                   10630011992935     0020032340          30011900000000191380410109008000000000000000000000000000000000000000000000000000000000000000000000000000000000000001913800000000000000000000000000   310119 ANGELO RODRIGUES VIEIRA ME              13                                                  000006
10291170423000105060022878002805076                           0020033827                                   10630011992952     0020033827          30011900000000243890410109008000000000000000000000000000000000000000000000000000000000000000000000000000000000000002438900000000000000000000000000   310119 AR CENTERCAR COM. AR COND. LTDA         13                                                  000007
10291170423000105060022878002805076                           0020056010                                   10630011993323     0020056010          23011900000000221240334135108000000000004000000000000000000000000000000000000000000000000000000000000000000000000002212400000000007500000000000000   310119 PAULO ROBERTO S DE OLIVEIRA - ME        13                                                  000008
10291170423000105060022878002805076                           0020056274                                   10630011993325     0020056274          26121800000000266341044135108000000000004000000000000000000000000000000000000000000000000000000000000000000000000002663400000000023880000000000000   310119 PAULO GILBERTO DE MENEZE ME             15                                                  000009
10291170423000105060022878002805076                           0020097027                                   10630011994116     0020097027          11011900000000326622374135108000000000004000000000000000000000000000000000000000000000000000000000000000000000000003266200000000018880000000000000   310119 DRIVETECH PECAS E SERVICOS LTDA         13                                                  000010
10291170423000105060022878002805076                           0020099267                                   10630011994165     0020099267          16011900000000191311044135108000000000004000000000000000000000000000000000000000000000000000000000000000000000000001913100000000009150000000000000   310119 AUTO ELETRICA LAMPADINHA LTDA           15                                                  000011
10291170423000105060022878002805076                           0020101229                                   10630011994229     0020101229          15011900000000303800334135108000000000004000000000000000000000000000000000000000000000000000000000000000000000000003038000000000015080000000000000   310119 PAULO ROBERTO S DE OLIVEIRA - ME        13                                                  000012
10291170423000105060022878002805076                           0020103876                                   10630011994284     0020103876          30011900000000177801044135108000000000004000000000000000000000000000000000000000000000000000000000000000000000000001778000000000000000000000000000   310119 AUTO SPA ESTETICA AUTOMOTIVA LTD        13                                                  000013
10291170423000105060022878002805076                           0020105933                                   10630011994346     0020105933          17011900000000291150410109008000000000000000000000000000000000000000000000000000000000000000000000000000000000000002911500000000013360000000000000   310119 DOLBY SOM AUTO RADIOS LTDA******        13                                                  000014
10291170423000105060022878002805076                           0020106271                                   10630011994327     0020106271          31011900000000196771044135108000000000004000000000000000000000000000000000000000000000000000000000000000000000000001967700000000000000000000000000   310119 FABIO LUCIANO GOMES DUARTE ME           15                                                  000015
10291170423000105060022878002805076                           0020117990                                   10630011994652     0020117990          30011900000000162000410109008000000000000000000000000000000000000000000000000000000000000000000000000000000000000001620000000000000000000000000000   310119 AUTO MECANICA HELMUTH LTDA ME           13                                                  000016
10291170423000105060022878002805076                           0020119306                                   10630011994680     0020119306          30011900000000151171044135108000000000004000000000000000000000000000000000000000000000000000000000000000000000000001511700000000000000000000000000   310119 ITER ZENO GARCIA CALDEIRA ME            15                                                  000017
10291170423000105060022878002805076                           0020120037                                   10630011994693     0020120037          30011900000000120203414135108000000000004000000000000000000000000000000000000000000000000000000000000000000000000001202000000000000000000000000000   310119 BMPOWER COM. DE PECAS E SERV.AUT        13                                                  000018
10291170423000105060022878002805076                           0020121106                                   10630011994713     0020121106          31011900000000224793414135108000000000004000000000000000000000000000000000000000000000000000000000000000000000000002247900000000000000000000000000   310119 CONFRARIA DO PNEU LTDA                  17                                                  000019
10291170423000105060022878002805076                           0020125403                                   10630011994772     0020125403          31011900000000370007484135108000000000004000000000000000000000000000000000000000000000000000000000000000000000000003700000000000000000000000000000   310119 RPN CAR CENTRO AUTOMOTIVO LTDA          13                                                  000020
10291170423000105060022878002805076                           0020135220                                   10630011994991     0020135220          06021900000000110151044135108000000000004000000000000000000000000000000000000000000000000000000000000000000000000001101500000000000000000000000000   310119 AUTO MECANICA TURIM LTDA - ME           15                                                  000021
10291170423000105060022878002805076                           0020156007                                   10231011995231     0020156007          12021900000000201400411008108000000000015000000000000000000000000000000000000000000000000000000000000000000000000000000000000000000000000000000000                                                                                                      000022
10291170423000105060022878002805076                           0020156198                                   10231011995565     0020156198          20021900000000169550411008108000000000015000000000000000000000000000000000000000000000000000000000000000000000000000000000000000000000000000000000                                                                                                      000023
10291170423000105060022878002805076                           0020156260                                   10231011995807     0020156260          26021900000000131110411008108000000000015000000000000000000000000000000000000000000000000000000000000000000000000000000000000000000000000000000000                                                                                                      000024
10291170423000105060022878002805076                           0020156341                                   10231011995319     0020156341          27021900000000109060418789008000000000015000000000000000000000000000000000000000000000000000000000000000000000000000000000000000000000000000000000                                                                                                      000025
10291170423000105060022878002805076                           0020156422                                   10231011995809     0020156422          27021900000000300430411008108000000000015000000000000000000000000000000000000000000000000000000000000000000000000000000000000000000000000000000000                                                                                                      000026
10291170423000105060022878002805076                           0020156597                                   10231011995810     0020156597          27031900000000300440411008108000000000015000000000000000000000000000000000000000000000000000000000000000000000000000000000000000000000000000000000                                                                                                      000027
10291170423000105060022878002805076                           0020156678                                   10231011995814     0020156678          27021900000000299950411008108000000000015000000000000000000000000000000000000000000000000000000000000000000000000000000000000000000000000000000000                                                                                                      000028
10291170423000105060022878002805076                           0020156759                                   10231011995815     0020156759          27031900000000299860411008108000000000015000000000000000000000000000000000000000000000000000000000000000000000000000000000000000000000000000000000                                                                                                      000029
10291170423000105060022878002805076                           0020156848                                   10231011995816     0020156848          24041900000000299860411008108000000000015000000000000000000000000000000000000000000000000000000000000000000000000000000000000000000000000000000000                                                                                                      000030
10291170423000105060022878002805076                           0020156910                                   10231011995812     0020156910          27021900000000173780411008108000000000015000000000000000000000000000000000000000000000000000000000000000000000000000000000000000000000000000000000                                                                                                      000031
10291170423000105060022878002805076                           0020157097                                   10231011995813     0020157097          13031900000000173780411008108000000000015000000000000000000000000000000000000000000000000000000000000000000000000000000000000000000000000000000000                                                                                                      000032
10291170423000105060022878002805076                           0020157178                                   10231011995560     0020157178          27021900000000129360411008108000000000015000000000000000000000000000000000000000000000000000000000000000000000000000000000000000000000000000000000                                                                                                      000033
10291170423000105060022878002805076                           0020157259                                   10231011995821     0020157259          27021900000000159460411008108000000000015000000000000000000000000000000000000000000000000000000000000000000000000000000000000000000000000000000000                                                                                                      000034
10291170423000105060022878002805076                           0020157348                                   10231011995826     0020157348          27021900000000309240411008108000000000015000000000000000000000000000000000000000000000000000000000000000000000000000000000000000000000000000000000                                                                                                      000035
10291170423000105060022878002805076                           0020157410                                   10231011995827     0020157410          13031900000000309220411008108000000000015000000000000000000000000000000000000000000000000000000000000000000000000000000000000000000000000000000000                                                                                                      000036
10291170423000105060022878002805076                           0020157585                                   10231011995828     0020157585          27031900000000309220411008108000000000015000000000000000000000000000000000000000000000000000000000000000000000000000000000000000000000000000000000                                                                                                      000037
10291170423000105060022878002805076                           0020157666                                   10231011995829     0020157666          10041900000000309220411008108000000000015000000000000000000000000000000000000000000000000000000000000000000000000000000000000000000000000000000000                                                                                                      000038
10291170423000105060022878002805076                           0020157747                                   10231011995830     0020157747          24041900000000309220411008108000000000015000000000000000000000000000000000000000000000000000000000000000000000000000000000000000000000000000000000                                                                                                      000039
10291170423000105060022878002805076                           0020157828                                   10231011995835     0020157828          27021900000000154970411008108000000000015000000000000000000000000000000000000000000000000000000000000000000000000000000000000000000000000000000000                                                                                                      000040
10291170423000105060022878002805076                           0020157909                                   10231011995836     0020157909          13031900000000154970411008108000000000015000000000000000000000000000000000000000000000000000000000000000000000000000000000000000000000000000000000                                                                                                      000041
10291170423000105060022878002805076                           0020158085                                   10231011995831     0020158085          27021900000000102220411008108000000000015000000000000000000000000000000000000000000000000000000000000000000000000000000000000000000000000000000000                                                                                                      000042
10291170423000105060022878002805076                           0020158166                                   10231011995841     0020158166          27021900000000179820411008108000000000015000000000000000000000000000000000000000000000000000000000000000000000000000000000000000000000000000000000                                                                                                      000043
10291170423000105060022878002805076                           0020158409                                   10231011995845     0020158409          27021900000000234280411008108000000000015000000000000000000000000000000000000000000000000000000000000000000000000000000000000000000000000000000000                                                                                                      000044
10291170423000105060022878002805076                           0020158573                                   10231011995855     0020158573          27021900000000156960411651908000000000015000000000000000000000000000000000000000000000000000000000000000000000000000000000000000000000000000000000                                                                                                      000045
10291170423000105060022878002805076                           0020158654                                   10231011995864     0020158654          28021900000000245100411008108000000000015000000000000000000000000000000000000000000000000000000000000000000000000000000000000000000000000000000000                                                                                                      000046
10291170423000105060022878002805076                           0020158735                                   10231011995865     0020158735          14031900000000245090411008108000000000015000000000000000000000000000000000000000000000000000000000000000000000000000000000000000000000000000000000                                                                                                      000047
10291170423000105060022878002805076                           0020158816                                   10231011995866     0020158816          28031900000000245090411008108000000000015000000000000000000000000000000000000000000000000000000000000000000000000000000000000000000000000000000000                                                                                                      000048
10291170423000105060022878002805076                           0020158999                                   10231011995867     0020158999          11041900000000245090411008108000000000015000000000000000000000000000000000000000000000000000000000000000000000000000000000000000000000000000000000                                                                                                      000049
10291170423000105060022878002805076                           0020159073                                   10231011995868     0020159073          25041900000000245090411008108000000000015000000000000000000000000000000000000000000000000000000000000000000000000000000000000000000000000000000000                                                                                                      000050
10291170423000105060022878002805076                           0020159154                                   10231011995869     0020159154          21021900000000255100412196208000000000015000000000000000000000000000000000000000000000000000000000000000000000000000000000000000000000000000000000                                                                                                      000051
10291170423000105060022878002805076                           0020159235                                   10231011995870     0020159235          28021900000000339920411008108000000000015000000000000000000000000000000000000000000000000000000000000000000000000000000000000000000000000000000000                                                                                                      000052
10291170423000105060022878002805076                           0020159316                                   10231011995872     0020159316          28021900000000201370411008108000000000015000000000000000000000000000000000000000000000000000000000000000000000000000000000000000000000000000000000                                                                                                      000053
10291170423000105060022878002805076                           0020159499                                   10231011995873     0020159499          14031900000000201310411008108000000000015000000000000000000000000000000000000000000000000000000000000000000000000000000000000000000000000000000000                                                                                                      000054
10291170423000105060022878002805076                           0020159561                                   10231011995874     0020159561          28031900000000201310411008108000000000015000000000000000000000000000000000000000000000000000000000000000000000000000000000000000000000000000000000                                                                                                      000055
10291170423000105060022878002805076                           0020159642                                   10231011995875     0020159642          21021900000000181670411008108000000000015000000000000000000000000000000000000000000000000000000000000000000000000000000000000000000000000000000000                                                                                                      000056
10291170423000105060022878002805076                           0020159723                                   10231011995876     0020159723          28021900000000234940411008108000000000015000000000000000000000000000000000000000000000000000000000000000000000000000000000000000000000000000000000                                                                                                      000057
10291170423000105060022878002805076                           0020159804                                   10231011995877     0020159804          28021900000000216500411008108000000000015000000000000000000000000000000000000000000000000000000000000000000000000000000000000000000000000000000000                                                                                                      000058
10291170423000105060022878002805076                           0020159987                                   10231011995878     0020159987          14031900000000216440411008108000000000015000000000000000000000000000000000000000000000000000000000000000000000000000000000000000000000000000000000                                                                                                      000059
10291170423000105060022878002805076                           0020160047                                   10231011995879     0020160047          28031900000000216440411008108000000000015000000000000000000000000000000000000000000000000000000000000000000000000000000000000000000000000000000000                                                                                                      000060
10291170423000105060022878002805076                           0020160128                                   10231011995880     0020160128          28021900000000300750410109008000000000015000000000000000000000000000000000000000000000000000000000000000000000000000000000000000000000000000000000                                                                                                      000061
10291170423000105060022878002805076                           0020160209                                   10231011995531     0020160209          28021900000000201050411008108000000000015000000000000000000000000000000000000000000000000000000000000000000000000000000000000000000000000000000000                                                                                                      000062
10291170423000105060022878002805076                           0020160381                                   10231011995532     0020160381          14031900000000201050411008108000000000015000000000000000000000000000000000000000000000000000000000000000000000000000000000000000000000000000000000                                                                                                      000063
10291170423000105060022878002805076                           0020160462                                   10231011995881     0020160462          28021900000000107520411008108000000000015000000000000000000000000000000000000000000000000000000000000000000000000000000000000000000000000000000000                                                                                                      000064
10291170423000105060022878002805076                           0020160535                                   10231011995882     0020160535          28021900000000176100411651908000000000015000000000000000000000000000000000000000000000000000000000000000000000000000000000000000000000000000000000                                                                                                      000065
10291170423000105060022878002805076                           0020160616                                   10231011995883     0020160616          28021900000000167330411008108000000000015000000000000000000000000000000000000000000000000000000000000000000000000000000000000000000000000000000000                                                                                                      000066
10291170423000105060022878002805076                           0020160799                                   10231011995884     0020160799          14031900000000167340411008108000000000015000000000000000000000000000000000000000000000000000000000000000000000000000000000000000000000000000000000                                                                                                      000067
10291170423000105060022878002805076                           0020160888                                   10231011995888     0020160888          28021900000000200680411008108000000000015000000000000000000000000000000000000000000000000000000000000000000000000000000000000000000000000000000000                                                                                                      000068
10291170423000105060022878002805076                           0020160950                                   10231011995894     0020160950          28021900000000259460411651908000000000015000000000000000000000000000000000000000000000000000000000000000000000000000000000000000000000000000000000                                                                                                      000069
10291170423000105060022878002805076                           0020161035                                   10231011995895     0020161035          28031900000000259460411651908000000000015000000000000000000000000000000000000000000000000000000000000000000000000000000000000000000000000000000000                                                                                                      000070
10291170423000105060022878002805076                           0020161116                                   10231011995386     0020161116          28021900000000157570416700808000000000015000000000000000000000000000000000000000000000000000000000000000000000000000000000000000000000000000000000                                                                                                      000071
10291170423000105060022878002805076                           0020161299                                   10231011995889     0020161299          28021900000000124780411008108000000000015000000000000000000000000000000000000000000000000000000000000000000000000000000000000000000000000000000000                                                                                                      000072
10291170423000105060022878002805076                           0020161388                                   10231011995890     0020161388          14031900000000124780411008108000000000015000000000000000000000000000000000000000000000000000000000000000000000000000000000000000000000000000000000                                                                                                      000073
10291170423000105060022878002805076                           0020161450                                   10231011995901     0020161450          28021900000000233240411073108000000000015000000000000000000000000000000000000000000000000000000000000000000000000000000000000000000000000000000000                                                                                                      000074
10291170423000105060022878002805076                           0020161523                                   10231011995902     0020161523          28021900000000207400411008108000000000015000000000000000000000000000000000000000000000000000000000000000000000000000000000000000000000000000000000                                                                                                      000075
10291170423000105060022878002805076                           0020161604                                   10231011995903     0020161604          14031900000000207390411008108000000000015000000000000000000000000000000000000000000000000000000000000000000000000000000000000000000000000000000000                                                                                                      000076
10291170423000105060022878002805076                           0020161787                                   10231011995904     0020161787          28031900000000207390411008108000000000015000000000000000000000000000000000000000000000000000000000000000000000000000000000000000000000000000000000                                                                                                      000077
10291170423000105060022878002805076                           0020161868                                   10231011995905     0020161868          28021900000000192230411008108000000000015000000000000000000000000000000000000000000000000000000000000000000000000000000000000000000000000000000000                                                                                                      000078
10291170423000105060022878002805076                           0020161949                                   10231011991328     0020161949          05021900000000203650411073108000000000015000000000000000000000000000000000000000000000000000000000000000000000000000000000000000000000000000000000                                                                                                      000079
10291170423000105060022878002805076                           0020162023                                   10231011990842     0020162023          07021900000000130310411073108000000000015000000000000000000000000000000000000000000000000000000000000000000000000000000000000000000000000000000000                                                                                                      000080
10291170423000105060022878002805076                           0020162104                                   10231011990581     0020162104          05021900000000686860411529608000000000015000000000000000000000000000000000000000000000000000000000000000000000000000000000000000000000000000000000                                                                                                      000081
10291170423000105060022878002805076                           0020162287                                   10231011990582     0020162287          07021900000000686860411529608000000000015000000000000000000000000000000000000000000000000000000000000000000000000000000000000000000000000000000000                                                                                                      000082
10291170423000105060022878002805076                           0020162368                                   10231011995910     0020162368          28021900000000147330411008108000000000015000000000000000000000000000000000000000000000000000000000000000000000000000000000000000000000000000000000                                                                                                      000083
10291170423000105060022878002805076                           0020162449                                   10231011995911     0020162449          14031900000000147330411008108000000000015000000000000000000000000000000000000000000000000000000000000000000000000000000000000000000000000000000000                                                                                                      000084
10291170423000105060022878002805076                           0020162511                                   10231011995912     0020162511          28031900000000147330411008108000000000015000000000000000000000000000000000000000000000000000000000000000000000000000000000000000000000000000000000                                                                                                      000085
10291170423000105060022878002805076                           0020162694                                   10231011995914     0020162694          28021900000000184830411008108000000000015000000000000000000000000000000000000000000000000000000000000000000000000000000000000000000000000000000000                                                                                                      000086
10291170423000105060022878002805076                           0020162775                                   10231011995915     0020162775          14031900000000184830411008108000000000015000000000000000000000000000000000000000000000000000000000000000000000000000000000000000000000000000000000                                                                                                      000087
10291170423000105060022878002805076                           0020162856                                   10231011995918     0020162856          28021900000000138380411008108000000000015000000000000000000000000000000000000000000000000000000000000000000000000000000000000000000000000000000000                                                                                                      000088
10291170423000105060022878002805076                           0020162937                                   10231011995920     0020162937          28021900000000236560411008108000000000015000000000000000000000000000000000000000000000000000000000000000000000000000000000000000000000000000000000                                                                                                      000089
10291170423000105060022878002805076                           0020163011                                   10231011995923     0020163011          28021900000000113850418193008000000000015000000000000000000000000000000000000000000000000000000000000000000000000000000000000000000000000000000000                                                                                                      000090
10291170423000105060022878002805076                           0020163194                                   10231011995924     0020163194          14031900000000113850418193008000000000015000000000000000000000000000000000000000000000000000000000000000000000000000000000000000000000000000000000                                                                                                      000091
10291170423000105060022878002805076                           0020163275                                   10231011995925     0020163275          28031900000000113850418193008000000000015000000000000000000000000000000000000000000000000000000000000000000000000000000000000000000000000000000000                                                                                                      000092
10291170423000105060022878002805076                           0020163356                                   10231011995926     0020163356          28021900000000069340411008108000000000015000000000000000000000000000000000000000000000000000000000000000000000000000000000000000000000000000000000                                                                                                      000093
10291170423000105060022878002805076                           0020163437                                   10231011995936     0020163437          28021900000000189560411651908000000000015000000000000000000000000000000000000000000000000000000000000000000000000000000000000000000000000000000000                                                                                                      000094
10291170423000105060022878002805076                           0020163518                                   10231011995937     0020163518          14031900000000189570411651908000000000015000000000000000000000000000000000000000000000000000000000000000000000000000000000000000000000000000000000                                                                                                      000095
10291170423000105060022878002805076                           0020163682                                   10231011995938     0020163682          28031900000000189570411651908000000000015000000000000000000000000000000000000000000000000000000000000000000000000000000000000000000000000000000000                                                                                                      000096
10291170423000105060022878002805076                           0020163763                                   10231011995942     0020163763          28021900000000117340411651908000000000015000000000000000000000000000000000000000000000000000000000000000000000000000000000000000000000000000000000                                                                                                      000097
9201041          000006980000001758094700000000 00000760000000016254560000019000000000427047                                                                                                                                                                                                                                                                                                              000098
